@BOOK{ghanbari2011standard,
    author = {Ghanbari, M},
    title = {Standard codecs : image compression to advanced video coding},
    publisher = {Institution of Engineering and Technology},
    year = {2011},
    isbn = {9780863419645},
 }

@BOOK{richardson2002video,
    author = {Richardson, Iain},
    title = {Video codec design : developing image and video compression systems},
    publisher = {Wiley},
    year = {2002},
    isbn = {9780471485537},
 }

@BOOK{gonzalez2008digital,
 author = {Gonzalez, Rafael},
 title = {Digital image processing},
 publisher = {Prentice Hall},
 year = {2008},
 isbn = {9780131687288},
 }

@BOOK{bovik2005handbook,
 author = {Bovik, Alan},
 title = {Handbook of image and video processing},
 publisher = {Elsevier Academic Press},
 year = {2005},
 isbn = {0121197921},
 }

@TECHREPORT{jpeg_nasa,
     title = {{ The effects of video compression on acceptability of images for monitoring life sciences experiments}},
     author = {Haines, Richard F.; Chuang, Sherry L},
     year = {1992},
     institution = {NASA},
     number = {NASA-TP-3239, A-92040, NAS 1.60:3239}
}

@misc{vp9_bitstream,
  author = {Adrian Grange from Google; Jonathan Hunt from Argon Design; Peter de Rivaz from Argon Design},
  title = {VP9 Bit-Stream and Decoding Specification},
  type = {Open Standard Video Codec},
  institution = {Google},
  year = {2016}
}


@misc{dsp_henkel,
  author        = {Prof. Dr.-Ing. Werner Henkel},
  title         = {Digital Signal Processing Lecture Notes},
  month         = {February},
  year          = {2018},
  institution   = {Jacobs University Bremen}
}

@misc{vsp_coursera,
  author        = {Aggelos K. Katsaggelos, Joseph Cummings Professor},
  title         = {Fundamentals of Image and Video Processing Lecture Notes},
  year          = {2019},
  institution   = {Northwester University}
}
@misc{wang_video_slides,
  author        = {Yao Wang},
  title         = {Image and Video Processing Lecture Notes},
  year          = {2015},
  institution   = {Polytechnic Engineering School of NYU }
}

@article{intra_codec_papaer,
    author = {Huang, Yu-Wen and Hsieh, Bing-Yu and Chen, Tung-Chien and Chen, Liang-Gee},
    year = {2005},
    month = {04},
    pages = {378 - 401},
    title = {Analysis fast algorithm and VLSI architecture design for H. 264/AVC intra frame coder [C]},
    volume = {15},
    journal = {Circuits and Systems for Video Technology, IEEE Transactions on},
    doi = {10.1109/TCSVT.2004.842620}
}

