@book{ghanbari,
    title={Standard Codecs: Image Compression to Advanced Video Coding},
    author={Mohammed Ghanbari},
    isbn={9780863419645},
    series={Iet Telecommunications Series},
    edition={3},
    year={2011},
    publisher={The Institution of Engineering and Technology},
    keywords = {video codec1}
}

@book{richardson,
    title={Video Codec Design: Developing Image and Video Compression Systems},
    author={Iain Richardson},
    isbn={9780471485537},
    year={2002},
    publisher={Wiley},
    keywords = {video codec2}
}